@article{STL:1990,
	Author = {Cleveland, R. B. and Cleveland, W. S. and McRae, J. E. and Terpenning, I.},
	Date-Added = {2008-12-09 00:34:41 +0100},
	Date-Modified = {2008-12-09 00:37:45 +0100},
	Journal = {Journal of Official Statistics},
	Pages = {3--73},
	Title = {{STL: A seasonal-trend decomposition procedure based on Loess}},
	Volume = {6},
	Year = {1990}}

@book{Durbin.Koopman:2001,
	Author = {Durbin, James and Koopman, S. J.},
	Cisid = {227587},
	Date-Added = {2008-12-12 23:41:27 +0100},
	Date-Modified = {2008-12-12 23:41:46 +0100},
	Isbn = {0-19-852354-8},
	Pages = {253},
	Publisher = {Oxford University Press},
	Title = {Time Series Analysis by State Space Methods},
	Year = {2001}}
